<?xml version="1.0" encoding="UTF-8"?><record xmlns="http://www.loc.gov/MARC21/slim" xmlns:cinclude="http://apache.org/cocoon/include/1.0" xmlns:zs="http://www.loc.gov/zing/srw/">
  <leader>00550nz  a2200133n  4500</leader>
  <controlfield tag="001">n 2010058147</controlfield>
  <controlfield tag="003">DLC</controlfield>
  <controlfield tag="005">20100904074937.0</controlfield>
  <controlfield tag="008">100903n| acannaabn           n ana      </controlfield>
  <datafield tag="010" ind1=" " ind2=" ">
    <subfield code="a">n 2010058147</subfield>
  </datafield>
  <datafield tag="040" ind1=" " ind2=" ">
    <subfield code="a">DLC</subfield>
    <subfield code="b">eng</subfield>
    <subfield code="c">DLC</subfield>
  </datafield>
  <datafield tag="110" ind1="2" ind2=" ">
    <subfield code="a">Plano Conservancy for Historic Preservation, Inc.</subfield>
  </datafield>
  <datafield tag="670" ind1=" " ind2=" ">
    <subfield code="a">Plano and the interurban railway, c2009:</subfield>
    <subfield code="b">t.p. (Plano Conservancy for Historic Preservation, Inc.)</subfield>
  </datafield>
  <datafield tag="670" ind1=" " ind2=" ">
    <subfield code="a">Plano Conservancy for Historic Preservation, Inc. website, Sept. 3, 2010</subfield>
    <subfield code="b">(Plano Conservancy for Historic Preservation, Inc.; Plano Conservancy)</subfield>
  </datafield>
</record>